<?xml version="1.0" encoding="UTF-8"?><record xmlns="http://www.loc.gov/MARC21/slim" xmlns:cinclude="http://apache.org/cocoon/include/1.0" xmlns:zs="http://www.loc.gov/zing/srw/">
  <leader>00770cz  a2200193n  4500</leader>
  <controlfield tag="001">n  88033632 </controlfield>
  <controlfield tag="003">DLC</controlfield>
  <controlfield tag="005">20130319164736.0</controlfield>
  <controlfield tag="008">880201nc azannaabn          |a aaa      </controlfield>
  <datafield tag="010" ind1=" " ind2=" ">
    <subfield code="a">n  88033632 </subfield>
  </datafield>
  <datafield tag="035" ind1=" " ind2=" ">
    <subfield code="a">(OCoLC)oca02193278</subfield>
  </datafield>
  <datafield tag="040" ind1=" " ind2=" ">
    <subfield code="a">DLC</subfield>
    <subfield code="b">eng</subfield>
    <subfield code="e">rda</subfield>
    <subfield code="c">DLC</subfield>
    <subfield code="d">OCoLC</subfield>
    <subfield code="d">DLC</subfield>
  </datafield>
  <datafield tag="100" ind1="1" ind2=" ">
    <subfield code="a">Jia, Gongyan,</subfield>
    <subfield code="d">active 7th century.</subfield>
    <subfield code="t">Yi li zhu shu</subfield>
  </datafield>
  <datafield tag="400" ind1="1" ind2=" ">
    <subfield code="w">nnea</subfield>
    <subfield code="a">Chia, Kung-yen,</subfield>
    <subfield code="d">7th cent.</subfield>
    <subfield code="t">I li chu shu</subfield>
  </datafield>
  <datafield tag="400" ind1="1" ind2=" ">
    <subfield code="w">nnea</subfield>
    <subfield code="a">Jia, Gongyan,</subfield>
    <subfield code="d">7th cent.</subfield>
    <subfield code="t">Yi li zhu shu</subfield>
  </datafield>
  <datafield tag="400" ind1="1" ind2=" ">
    <subfield code="a">Jia, Gongyan,</subfield>
    <subfield code="d">active 7th century.</subfield>
    <subfield code="t">Girai chūso</subfield>
  </datafield>
  <datafield tag="400" ind1="1" ind2=" ">
    <subfield code="a">Jia, Gongyan,</subfield>
    <subfield code="d">active 7th century.</subfield>
    <subfield code="t">Yi li shu</subfield>
  </datafield>
  <datafield tag="670" ind1=" " ind2=" ">
    <subfield code="a">His Girai shikan so, 1986.</subfield>
  </datafield>
  <datafield tag="670" ind1=" " ind2=" ">
    <subfield code="a">Ssu kʻu chʻüan shu tsung mu, 1981:</subfield>
    <subfield code="b">p. 158 (I li chu shu; Cheng Yüan of Han dynasty chu, Chia Kung-yen of Tʻang dynasty shu)</subfield>
  </datafield>
</record>